\listfiles
%Образцы оформления библиографического описания: https://vak.gov.by/bibliographicDescription



%=================Издания с одним, двумя и тремя авторами
%Дробышевский, Н. П. Ревизия и аудит : учеб.-метод. пособие / Н. П. Дробышевский. – Минск : Амалфея : Мисанта, 2013. – 415 с.

%=================Издания с четырьмя и более авторами
%Закономерности формирования и совершенствования системы движений спортсменов (на примере метания копья) / В. А. Боровая [и др.]. – Гомель : Гомел. гос. ун-т, 2013. – 173 с.

@Book{Economics,
  title     = {Экономика проектных решений: методические указания по экономическому обоснованию дипломных проектов},
  publisher = {БГУИР},
  year      = {2021},
  author    = {В. Г. Горовой and А. А. Горюшкин and А. В. Грицай and В. А. Пархименко},
  address   = {Минск},
  numpages  = {107},
  language  = {russian},
}

@Book{CQRS,
  author    = {Gregory Vernon},
  title     = {Implementing Domain-Driven Design (CQRS)},
  publisher = {Addison-Wesley Professional},
  year      = {2016},
  pages     = {576},
  language  = {english},
}

@Book{Martin2017,
  author    = {Robert C. Martin},
  title     = {Clean Architecture: A Craftsman's Guide to Software Structure and Design},
  publisher = {Prentice Hall},
  year      = {2017},
  pages     = {432},
  language  = {english},
}

%=================Электронные ресурсы удаленного доступа


@Misc{Zendesk,
  title = {Zendesk: The Complete Customer Service Solution [Электронный ресурс]},
  note  = {Режим доступа: \url{https://www.zendesk.com/}. --- Дата доступа: 27.03.2025},
  language  = {english},
}

@Misc{SentiSum,
  title = {SentiSum | AI-Powered Customer Experience Analytics [Электронный ресурс]},
  note  = {Режим доступа: \url{https://www.sentisum.com/}. --- Дата доступа: 27.03.2025},
  language  = {english},
}

@Misc{Labelf,
  title = {Labelf AI: Elevate your Customer Interactions [Электронный ресурс]},
  note  = {Режим доступа: \url{https://www.labelf.ai/}. --- Дата доступа: 27.03.2025},
  language  = {english},
}

@Misc{Usecase,
  title = {Usecase диаграмма [Электронный ресурс]},
  note  = {Режим доступа: \url{https://habr.com/ru/articles/699522/}. --- Дата доступа: 27.03.2025},
  language  = {russian},
}

@Misc{Redis,
  title = {Redis - The Real-time Data Platform [Электронный ресурс]},
  note  = {Режим доступа: \url{https://redis.io/}. --- Дата доступа: 27.03.2025},
  language  = {english},
}


@Misc{promic,
  title = {Prometheus - Monitoring system & time series database [Электронный ресурс]},
  note  = {Режим доступа: \url{https://prometheus.io/}. --- Дата доступа: 27.03.2025},
  language  = {english},
}

@Misc{Grafana,
  title = {Grafana: The open and composable observability platform | Grafana Labs [Электронный ресурс]},
  note  = {Режим доступа: \url{https://grafana.com/}. --- Дата доступа: 27.03.2025},
  language  = {english},
}


@Misc{Kafka,
  title = {Apache Kafka [Электронный ресурс]},
  note  = {Режим доступа: \url{https://kafka.apache.org/}. --- Дата доступа: 27.03.2025},
  language  = {english},
}

@Misc{gladlyReport,
  title = {Gladly Research, Customer Service Expectations Survey, 2022. [Электронный ресурс]},
  note  = {Режим доступа: \url{https://www.gladly.ai/resources/customer-service-reports-guides/driving-customer-loyalty/2020-customer-expectations-report/}. --- Дата доступа: 27.03.2025},
  language  = {english},
}

@Misc{arxiv,
  title = {arXiv, Retrieval-Augmented Generation with Knowledge Graphs for Customer Service Question Answering. [Электронный ресурс]},
  note  = {Режим доступа: \url{https://arxiv.org/abs/2404.17723}. --- Дата доступа: 27.03.2025},
  language  = {english},
}

@Book{Uml,
  title     = {Learning UMLв},
  publisher = {O’Reilly
Media},
  year      = {2003},
  author    = {Alhir, Sinan Si.},
  address   = {New-York},
  numpages  = {256},
  language  = {english},
}

@Book{Newman2015,
  title     = {Building Microservices: Designing Fine-Grained Systems},
  publisher = {O’Reilly Media},
  year      = {2015},
  author    = {Sam Newman},
  address   = {Sebastopol, CA},
  numpages  = {280},
  language  = {english},
}

@article{wei2022emergent,
  title={Emergent abilities of large language models},
  author={Wei, Jason and Wang},
  year={2022},
  eprint={2206.07616},
  archiveprefix={arXiv},
  primaryclass={cs.CL}
}

@Misc{blackBox,
  title = {Sunil Ramlochan, The Black Box Problem: Opaque Inner Workings of Large Language Models, 2023. [Электронный ресурс]},
  note  = {Режим доступа: \url{https://promptengineering.org/the-black-box-problem-opaque-inner-workings-of-large-language-models/}. --- Дата доступа: 27.03.2025},
  language  = {english},
}

@Misc{watson,
  title = {IMB Watson. [Электронный ресурс]},
  note  = {Режим доступа: \url{https://www.ibm.com/watson}. --- Дата доступа: 27.03.2025},
  language  = {english},
}

@Misc{watsonO,
  title = {Watson for Oncology. [Электронный ресурс]},
  note  = {Режим доступа: \url{https://habr.com/ru/companies/ibm/articles/250903/}. --- Дата доступа: 27.03.2025},
  language  = {russian},
}

@Misc{sapkb,
  title = {SAP Datasphere Knowledge Graph. [Электронный ресурс]},
  note  = {Режим доступа: \url{https://www.sap.com/products/data-cloud/datasphere/features.html}. --- Дата доступа: 27.03.2025},
  language  = {english},
}

@Misc{ws,
  title = {The WebSocket Protocol. [Электронный ресурс]},
  note  = {Режим доступа: \url{https://datatracker.ietf.org/doc/html/rfc6455}. --- Дата доступа: 27.03.2025},
  language  = {english},
}

@Misc{ws,
  title = {JavaScript-драйвер для Neo4j. [Электронный ресурс]},
  note  = {Режим доступа: \url{https://neo4j.com/docs/api/javascript-driver/current/}. --- Дата доступа: 27.03.2025},
  language  = {english},
}

@Misc{openaiApi,
  title = {OpenAI API Documentation. [Электронный ресурс]},
  note  = {Режим доступа: \url{https://platform.openai.com/docs/api-reference}. --- Дата доступа: 27.03.2025}, % Укажите актуальную дату доступа
  language  = {english}, % Или укажите язык документации, если он другой
}


@Misc{grammY,
  title = {GrammY. The Telegram Bot Framework. [Электронный ресурс]},
  note  = {Режим доступа: \url{https://grammy.dev/ref/}. --- Дата доступа: 27.03.2025}, % Укажите актуальную дату доступа
  language  = {english}, % Или укажите язык документации, если он другой
}

@Misc{tailwind,
  title = {Tailwind CSS. [Электронный ресурс]},
  note  = {Режим доступа: \url{https://tailwindcss.com/}. --- Дата доступа: 27.03.2025}, % Укажите актуальную дату доступа
  language  = {english}, % Или укажите язык документации, если он другой
}

@Misc{shadcn,
  title = {Shadcn UI [Электронный ресурс]},
  note  = {Режим доступа: \url{https://ui.shadcn.com/docs}. --- Дата доступа: 27.03.2025}, % Укажите актуальную дату доступа
  language  = {english}, % Или укажите язык документации, если он другой
}

@Misc{TypeScript,
  title = {TypeScript [Электронный ресурс]},
  note  = {Режим доступа: \url{https://www.typescriptlang.org/docs/handbook/typescript-in-5-minutes.html}. --- Дата доступа: 27.03.2025}, % Укажите актуальную дату доступа
  language  = {english}, % Или укажите язык документации, если он другой
}

@Misc{epsilonGRAG,
  title = {Graph RAG: как RAG, только c графом знаний [Электронный ресурс]},
  note  = {Режим доступа: \url{https://blogs.epsilonmetrics.ru/graph-rag-kak-rag-tolko-c-grafom-znanij/}. --- Дата доступа: 27.03.2025}, % Укажите актуальную дату доступа
  language  = {russion}, % Или укажите язык документации, если он другой
}

@Misc{vectorBd,
  title = {Не только векторные БД: графовый RAG для LLM и агентского ИИ [Электронный ресурс]},
  note  = {Режим доступа: \url{https://bigdataschool.ru/blog/news/machine-learning/graphrag-in-agentic-ai-systems.html}. --- Дата доступа: 27.03.2025}, % Укажите актуальную дату доступа
  language  = {russion}, % Или укажите язык документации, если он другой
}

@Misc{cleverics,
  title = {Измерение процесса управления инцидентами и запросами пользователей [Электронный ресурс]},
  note  = {Режим доступа: \url{https://edu.cleverics.ru/useful/stati-konsultantov-cleverics/589-incident-management-measurement}. --- Дата доступа: 27.03.2025}, % Укажите актуальную дату доступа
  language  = {russion}, % Или укажите язык документации, если он другой
}






@Misc{deepseekApiDocs,
  title={DeepSeek API Documentation. [Электронный ресурс]},
  author={{DeepSeek}},
  year={2025}, % Год, указанный в некоторых источниках, где упоминается документация
  url={https://api-docs.deepseek.com/}, % Актуальный URL документации API
}

@Misc{cypher,
  title = {Cypher Neo4j [Электронный ресурс]},
  note  = {Режим доступа: \url{https://neo4j.com/docs/cypher-manual/current/introduction/}. --- Дата доступа: 27.03.2025}, % Укажите актуальную дату доступа
  language  = {english}, % Или укажите язык документации, если он другой
}

@Misc{json,
  title = {Json format [Электронный ресурс]},
  note  = {Режим доступа: \url{https://ecma-international.org/publications-and-standards/standards/ecma-404/}. --- Дата доступа: 27.03.2025}, % Укажите актуальную дату доступа
  language  = {english}, % Или укажите язык документации, если он другой
}




@book{hohpe2003enterprise,
  title={Enterprise integration patterns: Designing, building, and deploying messaging solutions},
  author={Hohpe, Gregor and Woolf, Bobby},
  year={2003},
  publisher={Addison-Wesley Professional},
  address={Boston}
}

@book{stopford2018designing,
  title={Designing Event-Driven Systems},
  author={Stopford, Ben},
  year={2018},
  publisher={O'Reilly Media, Inc.},
  address={Sebastopol, CA}
}



%=================Стандарты
%https://library.bsuir.by/m/12_101945_1_141950.pdf
@Book{STP-2017,
  title        = {Стандарт предприятия. Дипломные проекты (работы). Общие требования. СТП 01-2017},
  author       = {А. Т. Доманов and Н. И. Сорока},
  publisher    = {БГУИР},  
  address      = {Минск},
  language     = {russian},
  year         = {2017},
  numpages     = {169},
}